@book{taylor2010partial,
  title={Partial Differential Equations I: Basic Theory},
  author={Taylor, M.E.},
  isbn={9781441970558},
  lccn={2010937758},
  series={Applied Mathematical Sciences},
  url={https://books.google.ca/books?id=JhL8oTCm49EC},
  year={2010},
  publisher={Springer New York}
}
@book{brunton2022data,
  title={Data-Driven Science and Engineering: Machine Learning, Dynamical Systems, and Control},
  author={Brunton, S.L. and Kutz, J.N.},
  isbn={9781009098489},
  lccn={2022000124},
  url={https://books.google.ca/books?id=rxNkEAAAQBAJ},
  year={2022},
  publisher={Cambridge University Press}
}
